@book{hsu2002deep,
  author    = {Feng-hsiung Hsu and Jon Kleinberg},
  title     = {Behind Deep Blue: Building the Computer that Defeated the World Chess Champion},
  publisher = {Princeton University Press},
  year      = {2002}
}

@article{Shannon01031950,
  author    = {Claude E. Shannon},
  title     = {XXII. Programming a computer for playing chess},
  journal   = {The London, Edinburgh, and Dublin Philosophical Magazine and Journal of Science},
  volume    = {41},
  number    = {314},
  pages     = {256--275},
  year      = {1950},
  publisher = {Taylor \& Francis},
  doi       = {10.1080/14786445008521796},
  url       = {https://doi.org/10.1080/14786445008521796},
  eprint    = {https://doi.org/10.1080/14786445008521796}
}

@article{simonherbertspeech,
  author   = {Simon, Herbert A. and Newell, Allen},
  title    = {Heuristic Problem Solving: The Next Advance in Operations Research},
  journal  = {Operations Research},
  volume   = {6},
  number   = {1},
  pages    = {1-10},
  year     = {1958},
  doi      = {10.1287/opre.6.1.1},
  url      = {https://doi.org/10.1287/opre.6.1.1},
  eprint   = {https://doi.org/10.1287/opre.6.1.1},
  abstract = { Address at the banquet of the Twelfth National Meeting of the Operations Research Society of America, Pittsburgh, Pennsylvania, November 14, 1957. Mr. Simon presented the paper; its content is a joint product of the authors. In this, they rely on the precedent of Genesis 27:22, “The voice is Jacob's voice, but the hands are the hands of Esau.” }
}

@article{slate1977chess,
  title     = {Chess 4.5—the Northwestern University chess program},
  author    = {Slate, David J and Atkin, Lawrence R},
  journal   = {Chess skill in Man and Machine},
  pages     = {82--118},
  year      = {1977},
  publisher = {Springer}
}

@incollection{condon1982belle,
  title     = {Belle chess hardware},
  author    = {Condon, Joe H and Thompson, Ken},
  booktitle = {Advances in computer chess},
  pages     = {45--54},
  year      = {1982},
  publisher = {Elsevier}
}

@article{hyatt1985parallel,
  title   = {Parallel Chess on the Cray xmp/48},
  author  = {Hyatt, Robert M},
  journal = {Int’l Computer Chess Assoc. J},
  pages   = {90--99},
  year    = {1985}
}

@book{ebeling1987all,
  title     = {All the Right Moves: A VLSI Architecture for Chess},
  author    = {Ebeling, C.},
  isbn      = {9780262050357},
  lccn      = {lc87003178},
  series    = {ACM distinguished dissertations},
  url       = {https://books.google.com/books?id=JUZQAQAAIAAJ},
  year      = {1987},
  publisher = {Carnegie-Mellon University, Department of Computer Science}
}

@inproceedings{hsu1990deep,
  title        = {Deep thought},
  author       = {Hsu, F-h and Anantharaman, Thomas S and Campbell, Murray S and Nowatzyk, Andreas},
  booktitle    = {Computers, Chess, and Cognition},
  pages        = {55--78},
  year         = {1990},
  organization = {Springer}
}

@article{hsu1987two,
  title     = {A two-million moves/s CMOS single-chip chess move generator},
  author    = {Hsu, F-h},
  journal   = {IEEE journal of solid-state circuits},
  volume    = {22},
  number    = {5},
  pages     = {841--846},
  year      = {1987},
  publisher = {IEEE}
}

@phdthesis{hsu1989chess,
  author    = {Hsu, Feng-Hsiung},
  title     = {Large-scale parallelization of alpha-beta search: an algorithmic and architectural study with computer chess},
  year      = {1989},
  publisher = {Carnegie Mellon University},
  address   = {USA},
  note      = {AAI9033058}
}

@book{campbell2002deepblue,
  author    = {Campbell, Murray and Hoane, A. Joseph Jr. and Hsu, Feng-hsiung},
  title     = {Deep Blue},
  journal   = {Artificial Intelligence},
  volume    = {134},
  pages     = {57--83},
  year      = {2002},
  publisher = {Elsevier}
}

@book{levy1992computers,
  author    = {Levy, David and Newborn, Monty},
  title     = {How Computers Play Chess},
  publisher = {Computer Science Press},
  year      = {1992}
}

@misc{ibm1997deepblue,
  author       = {IBM Research},
  title        = {Deep Blue},
  howpublished = {\url{https://www.ibm.com/ibm/history/exhibits/blue/blue_intro.html}},
  year         = {1997},
  note         = {Último acceso: 2 diciembre 2024}
}

@inproceedings{systemoverview,
  author    = {Hsu, Feng-hsiung and Campbell, Murray S. and Hoane, A. Joseph},
  title     = {Deep Blue system overview},
  year      = {1995},
  isbn      = {0897917286},
  publisher = {Association for Computing Machinery},
  address   = {New York, NY, USA},
  url       = {https://doi.org/10.1145/224538.224567},
  doi       = {10.1145/224538.224567},
  booktitle = {Proceedings of the 9th International Conference on Supercomputing},
  pages     = {240–244},
  numpages  = {5},
  location  = {Barcelona, Spain},
  series    = {ICS '95}
}

@article{andre2014high,
  title     = {High-Performance Computing for Climate Modeling},
  author    = {Andr{\'e}, Jean-Claude and Aloisio, Giovanni and Biercamp, Joachim and Budich, Reinhard and Joussaume, Sylvie and Lawrence, Bryan and Valcke, Sophie},
  journal   = {Bulletin of the American Meteorological Society},
  volume    = {95},
  number    = {5},
  pages     = {ES97--ES100},
  year      = {2014},
  publisher = {American Meteorological Society}
}

@article{larson2009folding,
  title   = {Folding@ Home and Genome@ Home: Using distributed computing to tackle previously intractable problems in computational biology},
  author  = {Larson, Stefan M and Snow, Christopher D and Shirts, Michael and Pande, Vijay S},
  journal = {arXiv preprint arXiv:0901.0866},
  year    = {2009}
}

@article{silver2018general,
  title     = {A general reinforcement learning algorithm that masters chess, shogi, and Go through self-play},
  author    = {Silver, David and Hubert, Thomas and Schrittwieser, Julian and Antonoglou, Ioannis and Lai, Matthew and Guez, Arthur and Lanctot, Marc and Sifre, Laurent and Kumaran, Dharshan and Graepel, Thore and others},
  journal   = {Science},
  volume    = {362},
  number    = {6419},
  pages     = {1140--1144},
  year      = {2018},
  publisher = {American Association for the Advancement of Science}
}

@article{brown2020language,
  title   = {Language models are few-shot learners},
  author  = {Brown, Tom B},
  journal = {arXiv preprint arXiv:2005.14165},
  year    = {2020}
}

@article{kober2013reinforcement,
  title     = {Reinforcement learning in robotics: A survey},
  author    = {Kober, Jens and Bagnell, J Andrew and Peters, Jan},
  journal   = {The International Journal of Robotics Research},
  volume    = {32},
  number    = {11},
  pages     = {1238--1274},
  year      = {2013},
  publisher = {SAGE Publications Sage UK: London, England}
}

@article{nick2014superintelligence,
  title     = {Superintelligence: Paths, dangers, strategies},
  author    = {Nick, Bostrom},
  year      = {2014},
  publisher = {Oxford University Press, Oxford}
}

@article{knuth1975analysis,
  title     = {An analysis of alpha-beta pruning},
  author    = {Knuth, Donald E and Moore, Ronald W},
  journal   = {Artificial intelligence},
  volume    = {6},
  number    = {4},
  pages     = {293--326},
  year      = {1975},
  publisher = {Elsevier}
}